{
  "leader": "05422cam a2200493 i 4500",
  "fields": [
    {
      "001": "ocn823014041"
    },
    {
      "003": "OCoLC"
    },
    {
      "005": "20230103160305.0"
    },
    {
      "008": "121226s2013\\\\\\\\vaua\\\\\\\\\\b\\\\\\\\001\\0\\eng\\\\"
    },
    {
      "010": {
        "ind1": "\\",
        "ind2": "\\",
        "subfields": [
          {
            "a": "  2012034378"
          }
        ]
      }
    },
    {
      "040": {
        "ind1": "\\",
        "ind2": "\\",
        "subfields": [
          {
            "a": "DLC"
          },
          {
            "b": "eng"
          },
          {
            "e": "rda"
          },
          {
            "c": "DLC"
          },
          {
            "d": "YDX"
          },
          {
            "d": "OCLCO"
          },
          {
            "d": "YDXCP"
          },
          {
            "d": "BDX"
          },
          {
            "d": "CDX"
          },
          {
            "d": "BWX"
          },
          {
            "d": "SDB"
          },
          {
            "d": "CHVBK"
          },
          {
            "d": "FCM"
          },
          {
            "d": "OCLCF"
          },
          {
            "d": "WEA"
          },
          {
            "d": "OCLCQ"
          },
          {
            "d": "IAK"
          },
          {
            "d": "OCLCO"
          },
          {
            "d": "OCLCQ"
          },
          {
            "d": "OCLCO"
          },
          {
            "d": "NYWWB"
          },
          {
            "d": "Z35"
          },
          {
            "d": "OCLCQ"
          },
          {
            "d": "TLE"
          },
          {
            "d": "A7U"
          },
          {
            "d": "OCLCQ"
          },
          {
            "d": "AL5CW"
          },
          {
            "d": "OCLCO"
          },
          {
            "d": "NJK"
          },
          {
            "d": "CEF"
          },
          {
            "d": "TKN"
          },
          {
            "d": "CSA"
          },
          {
            "d": "OCLCQ"
          },
          {
            "d": "YCP"
          },
          {
            "d": "JDP"
          },
          {
            "d": "AU@"
          },
          {
            "d": "UKUOY"
          },
          {
            "d": "OCLCQ"
          },
          {
            "d": "CZL"
          },
          {
            "d": "OCLCO"
          }
        ]
      }
    },
    {
      "019": {
        "ind1": "\\",
        "ind2": "\\",
        "subfields": [
          {
            "a": "862034562"
          }
        ]
      }
    },
    {
      "020": {
        "ind1": "\\",
        "ind2": "\\",
        "subfields": [
          {
            "a": "9780813933436"
          },
          {
            "q": "(cloth ;"
          },
          {
            "q": "alk. paper)"
          }
        ]
      }
    },
    {
      "020": {
        "ind1": "\\",
        "ind2": "\\",
        "subfields": [
          {
            "a": "0813933439"
          },
          {
            "q": "(cloth ;"
          },
          {
            "q": "alk. paper)"
          }
        ]
      }
    },
    {
      "035": {
        "ind1": "\\",
        "ind2": "\\",
        "subfields": [
          {
            "a": "(OCoLC)823014041"
          },
          {
            "z": "(OCoLC)862034562"
          }
        ]
      }
    },
    {
      "042": {
        "ind1": "\\",
        "ind2": "\\",
        "subfields": [
          {
            "a": "pcc"
          }
        ]
      }
    },
    {
      "043": {
        "ind1": "\\",
        "ind2": "\\",
        "subfields": [
          {
            "a": "n-us---"
          }
        ]
      }
    },
    {
      "050": {
        "ind1": "0",
        "ind2": "0",
        "subfields": [
          {
            "a": "SB482.A4"
          },
          {
            "b": "P83 2013"
          }
        ]
      }
    },
    {
      "082": {
        "ind1": "0",
        "ind2": "0",
        "subfields": [
          {
            "a": "712.5"
          },
          {
            "b": "PUB"
          }
        ]
      }
    },
    {
      "245": {
        "ind1": "0",
        "ind2": "0",
        "subfields": [
          {
            "a": "Public nature :"
          },
          {
            "b": "scenery, history, and park design /"
          },
          {
            "c": "edited by Ethan Carr, Shaun Eyring, and Richard Guy Wilson."
          }
        ]
      }
    },
    {
      "264": {
        "ind1": "\\",
        "ind2": "1",
        "subfields": [
          {
            "a": "Charlottesville :"
          },
          {
            "b": "University of Virginia Press,"
          },
          {
            "c": "2013."
          }
        ]
      }
    },
    {
      "264": {
        "ind1": "\\",
        "ind2": "4",
        "subfields": [
          {
            "c": "\u00a92013"
          }
        ]
      }
    },
    {
      "300": {
        "ind1": "\\",
        "ind2": "\\",
        "subfields": [
          {
            "a": "x, 260 pages :"
          },
          {
            "b": "illustrations ;"
          },
          {
            "c": "26 cm"
          }
        ]
      }
    },
    {
      "336": {
        "ind1": "\\",
        "ind2": "\\",
        "subfields": [
          {
            "a": "text"
          },
          {
            "b": "txt"
          },
          {
            "2": "rdacontent"
          }
        ]
      }
    },
    {
      "337": {
        "ind1": "\\",
        "ind2": "\\",
        "subfields": [
          {
            "a": "unmediated"
          },
          {
            "b": "n"
          },
          {
            "2": "rdamedia"
          }
        ]
      }
    },
    {
      "338": {
        "ind1": "\\",
        "ind2": "\\",
        "subfields": [
          {
            "a": "volume"
          },
          {
            "b": "nc"
          },
          {
            "2": "rdacarrier"
          }
        ]
      }
    },
    {
      "504": {
        "ind1": "\\",
        "ind2": "\\",
        "subfields": [
          {
            "a": "Includes bibliographical references and index."
          }
        ]
      }
    },
    {
      "505": {
        "ind1": "0",
        "ind2": "0",
        "subfields": [
          {
            "g": "Foreword / by"
          },
          {
            "r": "Jonathan B. Jarvis --"
          },
          {
            "g": "Introduction /"
          },
          {
            "r": "Ethan Carr --"
          },
          {
            "g": "Part I:"
          },
          {
            "t": "Nature and design in Europe and America. --"
          },
          {
            "t": "The influence of anxiety: keeping Europe in the picture in North American landscaping /"
          },
          {
            "r": "John Dixon Hunt --"
          },
          {
            "t": "Romanticism and the American landscape /"
          },
          {
            "r": "Elizabeth Barlow Rogers --"
          },
          {
            "g": "Part II:"
          },
          {
            "t": "Movement and landscape. --"
          },
          {
            "t": "\"Everyone has carriage road on the brain\" : designing for vehicles in pre-automotive parks /"
          },
          {
            "r": "Timothy Davis --"
          },
          {
            "t": "The hegemony of the car culture in U.S. National Parks /"
          },
          {
            "r": "Theodore Catton --"
          },
          {
            "g": "Part III:"
          },
          {
            "t": "Political natures. --"
          },
          {
            "t": "Mass-producing nature : municipal parks in Second Empire Paris /"
          },
          {
            "r": "Esther Da Costa Meyer --"
          },
          {
            "t": "Playing politics at Bear Mountain : Franklin Roosevelt, the Civilian Conservation Corps, and state park design during the New Deal Era /"
          },
          {
            "r": "Neil M. Maher --"
          },
          {
            "t": "From pariah to paragon : the redesign of Platt National Park, 1933-1940 /"
          },
          {
            "r": "Heidi Hohmann --"
          },
          {
            "t": "Urban parks in Sweden at the turn of the twentieth century : the nature park and the search for national identity /"
          },
          {
            "r": "Catharina Nolin --"
          },
          {
            "g": "Part IV:"
          },
          {
            "t": "History and identity. --"
          },
          {
            "t": "Divided spaces, contested pasts : the Gallipoli Peninsula Historical National Park /"
          },
          {
            "r": "Lucienne Thys-S\u0327enocak --"
          },
          {
            "t": "Enacting discovery : Itasca State Park and the Mississippi's mythical source /"
          },
          {
            "r": "Katherine Solomonson --"
          },
          {
            "t": "Parks apart : African American recreational landscapes in Virginia /"
          },
          {
            "r": "Brian Katen --"
          },
          {
            "t": "Conceptualizing, representing, and designing nature : cultural constructions of the Blue Mountains, Australia /"
          },
          {
            "r": "Nicole Porter and Catherin Bull --"
          },
          {
            "t": "\"If paradise is in the land of Israel, its entrance is at the Gates of Beit Shean\" : Israeli National Parks and the fluidity of national identity /"
          },
          {
            "r": "Tal Alon-Mozes --"
          },
          {
            "g": "Part V:"
          },
          {
            "t": "Monuments in the landscape. --"
          },
          {
            "t": "Protecting artifice amid nature : Camp Santanoni and the Adirondack Forest Preserve /"
          },
          {
            "r": "Richard Longstreth --"
          },
          {
            "t": "A grand experiment : the Jackson Lake Lodge /"
          },
          {
            "r": "Elizabeth Flint Engle --"
          },
          {
            "t": "The Visitor Center as monument : recontextualizing Richard Neutra's 1962 Cyclorama Center within the commemorative landscape of the Gettysburg Battlefield /"
          },
          {
            "r": "Christine Madrid French."
          }
        ]
      }
    },
    {
      "520": {
        "ind1": "\\",
        "ind2": "\\",
        "subfields": [
          {
            "a": "This diverse new collection of essays, written by scholars, practitioners, and public-land managers, considers the history of public park design, as well as the parks themselves as repositories of cultural values. In exploring the role design has played in these public spaces, the contributors look not only at noticeably planned, often urban, landscapes such as Central Park or Boston's Back Bay Fens but also at parks such as Yosemite with naturally occurring scenic qualities, which require less development. The essays present design as encompassing not simply a park's appearance--its buildings and landscape features--but also its functions, how it delivers a culturally significant experience to visitors. Much park design has been fed into or organized by systems promoting preservation (the National Park Service being only the most obvious example), and many of this book's contributors stress park design's relationship to preservation, as Americans have become aware of a natural heritage they identify with strongly and want to experience. Other essays treat such engaging topics as European influences on early American parks, the peculiar nature of U.S. regional parks, the effect of the automobile on the outdoor recreational experience, and--in an international context--parks and national identity."
          }
        ]
      }
    },
    {
      "650": {
        "ind1": "\\",
        "ind2": "0",
        "subfields": [
          {
            "a": "National parks and reserves"
          },
          {
            "z": "United States"
          },
          {
            "x": "Design"
          },
          {
            "x": "History."
          }
        ]
      }
    },
    {
      "650": {
        "ind1": "\\",
        "ind2": "0",
        "subfields": [
          {
            "a": "Parks"
          },
          {
            "x": "Design and construction"
          },
          {
            "x": "History."
          }
        ]
      }
    },
    {
      "650": {
        "ind1": "\\",
        "ind2": "0",
        "subfields": [
          {
            "a": "Recreation areas"
          },
          {
            "x": "Planning."
          }
        ]
      }
    },
    {
      "650": {
        "ind1": "\\",
        "ind2": "7",
        "subfields": [
          {
            "a": "National parks and reserves"
          },
          {
            "x": "Design."
          },
          {
            "2": "fast"
          },
          {
            "0": "(OCoLC)fst01033648"
          }
        ]
      }
    },
    {
      "650": {
        "ind1": "\\",
        "ind2": "7",
        "subfields": [
          {
            "a": "Parks"
          },
          {
            "x": "Design and construction."
          },
          {
            "2": "fast"
          },
          {
            "0": "(OCoLC)fst01053716"
          }
        ]
      }
    },
    {
      "650": {
        "ind1": "\\",
        "ind2": "7",
        "subfields": [
          {
            "a": "Recreation areas"
          },
          {
            "x": "Planning."
          },
          {
            "2": "fast"
          },
          {
            "0": "(OCoLC)fst01091824"
          }
        ]
      }
    },
    {
      "651": {
        "ind1": "\\",
        "ind2": "7",
        "subfields": [
          {
            "a": "United States."
          },
          {
            "2": "fast"
          },
          {
            "0": "(OCoLC)fst01204155"
          }
        ]
      }
    },
    {
      "655": {
        "ind1": "\\",
        "ind2": "7",
        "subfields": [
          {
            "a": "History."
          },
          {
            "2": "fast"
          },
          {
            "0": "(OCoLC)fst01411628"
          }
        ]
      }
    },
    {
      "655": {
        "ind1": "\\",
        "ind2": "7",
        "subfields": [
          {
            "a": "History."
          },
          {
            "2": "lcgft"
          }
        ]
      }
    },
    {
      "700": {
        "ind1": "1",
        "ind2": "\\",
        "subfields": [
          {
            "a": "Carr, Ethan,"
          },
          {
            "d": "1958-"
          },
          {
            "e": "editor."
          }
        ]
      }
    },
    {
      "700": {
        "ind1": "1",
        "ind2": "\\",
        "subfields": [
          {
            "a": "Eyring, Shaun,"
          },
          {
            "e": "editor."
          }
        ]
      }
    },
    {
      "700": {
        "ind1": "1",
        "ind2": "\\",
        "subfields": [
          {
            "a": "Wilson, Richard Guy,"
          },
          {
            "d": "1940-"
          },
          {
            "e": "editor."
          }
        ]
      }
    },
    {
      "994": {
        "ind1": "\\",
        "ind2": "\\",
        "subfields": [
          {
            "a": "Z0"
          },
          {
            "b": "NYRVC"
          }
        ]
      }
    },
    {
      "948": {
        "ind1": "\\",
        "ind2": "\\",
        "subfields": [
          {
            "h": "NO HOLDINGS IN NYRVC - 323 OTHER HOLDINGS"
          }
        ]
      }
    },
    {
      "999": {
        "ind1": "\\",
        "ind2": "\\",
        "subfields": [
          {
            "a": "no barcode"
          }
        ]
      }
    }
  ]
}